%=================================================
%% 2 percentage signs represent comments for code;
% 1 percentage sign represents commented out code

%% Bibliography file that contains publications
%=================================================

%=================================================
@unpublished{mycitation,
  author = {Name Surname},
  date = {2024-10-06},
  note = {Note.},
  title = {\textit{Paper Title}}}
}
%=================================================